<record><leader>00000cas a22000007a 4500</leader><controlfield tag="001">17673277</controlfield><controlfield tag="008">880324d189u189ualuwr ne      0    0eng d</controlfield><datafield ind1=" " ind2=" " tag="010"><subfield code="a">sn 88050050 </subfield></datafield><datafield ind1=" " ind2=" " tag="040"><subfield code="a">CPN</subfield><subfield code="b">eng</subfield><subfield code="c">CPN</subfield><subfield code="d">OCLCQ</subfield></datafield><datafield ind1=" " ind2=" " tag="042"><subfield code="a">msc</subfield></datafield><datafield ind1="0" ind2=" " tag="130"><subfield code="a">Reporter (Tuskegee, Ala.)</subfield></datafield><datafield ind1="1" ind2="4" tag="245"><subfield code="a">The Reporter.</subfield></datafield><datafield ind1="3" ind2="0" tag="246"><subfield code="a">Tuskegee reporter</subfield></datafield><datafield ind1=" " ind2=" " tag="260"><subfield code="a">Tuskegee, Ala. :</subfield><subfield code="b">W.W. Wynn</subfield></datafield><datafield ind1=" " ind2=" " tag="300"><subfield code="a">v.</subfield></datafield><datafield ind1=" " ind2=" " tag="310"><subfield code="a">Weekly</subfield></datafield><datafield ind1=" " ind2=" " tag="500"><subfield code="a">Also published as: Tuskegee reporter, Oct. 16-23, 1896.</subfield></datafield><datafield ind1=" " ind2=" " tag="588"><subfield code="a">Description based on: Vol. 3, no. 34 (Feb. 14, 1896).</subfield></datafield><datafield ind1=" " ind2=" " tag="752"><subfield code="a">United States</subfield><subfield code="b">Alabama</subfield><subfield code="c">Macon</subfield><subfield code="d">Tuskegee.</subfield></datafield><datafield ind1="0" ind2="0" tag="780"><subfield code="t">Tuskegee reporter</subfield><subfield code="w">(DLC)sn 88050049</subfield></datafield></record>